<?xml version="1.0" encoding="UTF-8"?><collection xmlns="http://www.loc.gov/MARC21/slim"><record><leader>00451nam--2200133-i-4500</leader><controlfield tag="001">000012375</controlfield><controlfield tag="002">20161230</controlfield><controlfield tag="005">20161230201029</controlfield><controlfield tag="008">060222s1000------------r-----000-0-eng-d</controlfield><datafield ind1=" " ind2=" " tag="245"><subfield code="a">Analyse structurale des amplitudes de collision. structural analysis of collision amplitudes</subfield></datafield><datafield ind1=" " ind2=" " tag="260"><subfield code="a">Amsterdam, North-holland Publ.Co., 1976</subfield></datafield><datafield ind1=" " ind2=" " tag="490"><subfield code="a">Les Houches June Institute 2-27 June 1975</subfield></datafield><datafield ind1=" " ind2=" " tag="700"><subfield code="a">Balian, Roger Et Iagolnitzer, D</subfield></datafield><datafield ind1=" " ind2=" " tag="852"><subfield code="a">530.145(042.4)</subfield></datafield></record></collection>